% Encoding: Cp1252

@ARTICLE{Desrat:2006,
  author = {W. Desrat and D. K. Maude and Z. R. Wasilewski and R. Airey and G. Hill},
  journal = {Phys. Rev. B},
  year = {2006},
  volume = {74},
  pages = {193317}
}

@BOOK{Eisberg:2000,
  title = {Física quântica},
  publisher = {Editora Campus},
  year = {2000},
  author = {R. Eisberg and R. Resnick},
}